@inproceedings{ribeiro2016should,
  title={Why should i trust you?: Explaining the predictions of any classifier},
  author={Ribeiro, Marco Tulio and Singh, Sameer and Guestrin, Carlos},
  booktitle={Proceedings of the 22nd ACM SIGKDD International Conference on Knowledge Discovery and Data Mining},
  pages={1135--1144},
  year={2016},
  organization={ACM}
}

@article{carneiro2017automated,
  title={Automated Analysis of Unregistered Multi-View Mammograms With Deep Learning},
  author={Carneiro, Gustavo and Nascimento, Jacinto and Bradley, Andrew P},
  journal={IEEE transactions on medical imaging},
  volume={36},
  number={11},
  pages={2355--2365},
  year={2017},
  publisher={IEEE}
}

@article{giger2013breast,
  title={Breast image analysis for risk assessment, detection, diagnosis, and treatment of cancer},
  author={Giger, Maryellen L and Karssemeijer, Nico and Schnabel, Julia A},
  journal={Annual review of biomedical engineering},
  volume={15},
  pages={327--357},
  year={2013},
  publisher={Annual Reviews}
}
