@incollection{valdez2016recommender,
  title={Recommender systems for health informatics: State-of-the-art and future perspectives},
  author={Valdez, Andr{\'e} Calero and Ziefle, Martina and Verbert, Katrien and Felfernig, Alexander and Holzinger, Andreas},
  booktitle={Machine Learning for Health Informatics},
  pages={391--414},
  year={2016},
  publisher={Springer}
}

@inproceedings{schafer2017towards,
  title={Towards health (aware) recommender systems},
  author={Sch{\"a}fer, Hanna and Hors-Fraile, Santiago and Karumur, Raghav Pavan and Calero Valdez, Andr{\'e} and Said, Alan and Torkamaan, Helma and Ulmer, Tom and Trattner, Christoph},
  booktitle={Proceedings of the 2017 international conference on digital health},
  pages={157--161},
  year={2017},
  organization={ACM}
}

@inproceedings{fernandez2009challenges,
  title={Challenges and opportunities of using recommender systems for personalized health education.},
  author={Fernandez-Luque, Luis and Karlsen, Randi and Vognild, Lars Kristian},
  booktitle={MIE},
  pages={903--907},
  year={2009}
}

@inproceedings{calero2016hci,
  title={HCI for recommender systems: the past, the present and the future},
  author={Calero Valdez, Andr{\'e} and Ziefle, Martina and Verbert, Katrien},
  booktitle={Proceedings of the 10th ACM Conference on Recommender Systems},
  pages={123--126},
  year={2016},
  organization={ACM}
}
