@inproceedings{brown2017role,
  title={The Role of Perspective Cues in RSVP},
  author={Brown, Joshua and Witkowski, Mark and Mardell, James and Wittenburg, Kent and Spence, Robert},
  booktitle={Information Visualisation (IV), 2017 21st International Conference},
  pages={29--34},
  year={2017},
  organization={IEEE}
}

@article{mildenberger2002introduction,
  title={Introduction to the DICOM standard},
  author={Mildenberger, Peter and Eichelberg, Marco and Martin, Eric},
  journal={European radiology},
  volume={12},
  number={4},
  pages={920--927},
  year={2002},
  publisher={Springer}
}

@book{pianykh2009digital,
  title={Digital imaging and communications in medicine (DICOM): a practical introduction and survival guide},
  author={Pianykh, Oleg S},
  year={2009},
  publisher={Springer Science \& Business Media}
}

@article{theodorsson1986kruskal,
  title={Kruskal-Wallis test: BASIC computer program to perform nonparametric one-way analysis of variance and multiple comparisons on ranks of several independent samples},
  author={Theodorsson-Norheim, Elvar},
  journal={Computer methods and programs in biomedicine},
  volume={23},
  number={1},
  pages={57--62},
  year={1986},
  publisher={Elsevier}
}

@article{wilcoxon1945individual,
  title={Individual comparisons by ranking methods},
  author={Wilcoxon, Frank},
  journal={Biometrics bulletin},
  volume={1},
  number={6},
  pages={80--83},
  year={1945},
  publisher={JSTOR}
}

@article{hoaglin1978hat,
  title={The hat matrix in regression and ANOVA},
  author={Hoaglin, David C and Welsch, Roy E},
  journal={The American Statistician},
  volume={32},
  number={1},
  pages={17--22},
  year={1978},
  publisher={Taylor \& Francis}
}

@inproceedings{von2004labeling,
  title={Labeling images with a computer game},
  author={Von Ahn, Luis and Dabbish, Laura},
  booktitle={Proceedings of the SIGCHI conference on Human factors in computing systems},
  pages={319--326},
  year={2004},
  organization={ACM}
}

@article{holzinger2016interactive,
  title={Interactive machine learning for health informatics: when do we need the human-in-the-loop?},
  author={Holzinger, Andreas},
  journal={Brain Informatics},
  volume={3},
  number={2},
  pages={119--131},
  year={2016},
  publisher={Springer}
}

@inproceedings{igarashi2016interactive,
  title={Interactive Volume Segmentation with Threshold Field Painting},
  author={Igarashi, Takeo and Shono, Naoyuki and Kin, Taichi and Saito, Toki},
  booktitle={Proceedings of the 29th Annual Symposium on User Interface Software and Technology},
  pages={403--413},
  year={2016},
  organization={ACM}
}
