@article{weiss2015write,
  title={How to Write a Report},
  author={Weiss, Lyn D},
  journal={Easy EMG E-Book: A Guide to Performing Nerve Conduction Studies and Electromyography},
  pages={197},
  year={2015},
  publisher={Elsevier Health Sciences}
}

@article{staub1920write,
  title={How to write a report},
  author={Staub, Walter A},
  journal={Journal of Accountancy (pre-1986)},
  volume={30},
  number={000003},
  pages={169},
  year={1920},
  publisher={American Institute of Certified Public Accountants}
}
