@inproceedings{yimam2015interactive,
  title={Interactive and iterative annotation for biomedical entity recognition},
  author={Yimam, Seid Muhie and Biemann, Chris and Majnaric, Ljiljana and {\v{S}}abanovi{\'c}, {\v{S}}efket and Holzinger, Andreas},
  booktitle={International Conference on Brain Informatics and Health},
  pages={347--357},
  year={2015},
  organization={Springer}
}

@inproceedings{knijnenburg2011each,
  title={Each to his own: how different users call for different interaction methods in recommender systems},
  author={Knijnenburg, Bart P and Reijmer, Niels JM and Willemsen, Martijn C},
  booktitle={Proceedings of the fifth ACM conference on Recommender systems},
  pages={141--148},
  year={2011},
  organization={ACM}
}

@inproceedings{yimam2013webanno,
  title={WebAnno: A flexible, web-based and visually supported system for distributed annotations},
  author={Yimam, Seid Muhie and Gurevych, Iryna and de Castilho, Richard Eckart and Biemann, Chris},
  booktitle={Proceedings of the 51st Annual Meeting of the Association for Computational Linguistics: System Demonstrations},
  pages={1--6},
  year={2013}
}

@article{vizza2016annotation,
  title={Annotation of dicom information: notes from a research project},
  author={Vizza, Patrizia and Cascini, Giuseppe Lucio and Curia, Rosario and Sisca, Loredana and Aiello, Filippo},
  journal={ACM SIGBioinformatics Record},
  volume={6},
  number={2},
  pages={1},
  year={2016},
  publisher={ACM}
}

@article{han2015texture,
  title={Texture feature analysis for computer-aided diagnosis on pulmonary nodules},
  author={Han, Fangfang and Wang, Huafeng and Zhang, Guopeng and Han, Hao and Song, Bowen and Li, Lihong and Moore, William and Lu, Hongbing and Zhao, Hong and Liang, Zhengrong},
  journal={Journal of digital imaging},
  volume={28},
  number={1},
  pages={99--115},
  year={2015},
  publisher={Springer}
}
