@incollection{macfarland2016mann,
  title={Mann--whitney u test},
  author={MacFarland, Thomas W and Yates, Jan M},
  booktitle={Introduction to Nonparametric Statistics for the Biological Sciences Using R},
  pages={103--132},
  year={2016},
  publisher={Springer}
}

@incollection{cleophas2016non,
  title={Non-parametric Tests for Three or More Samples (Friedman and Kruskal-Wallis)},
  author={Cleophas, Ton J and Zwinderman, Aeilko H},
  booktitle={Clinical Data Analysis on a Pocket Calculator},
  pages={193--197},
  year={2016},
  publisher={Springer}
}

@inproceedings{zhu2013machine,
  title={Machine teaching for bayesian learners in the exponential family},
  author={Zhu, Xiaojin},
  booktitle={Advances in Neural Information Processing Systems},
  pages={1905--1913},
  year={2013}
}

@article{dumitrache2013dr,
  title={Dr. Detective: combining gamification techniques and crowdsourcing to create a gold standard for the medical domain},
  author={Dumitrache, Anca and Aroyo, Lora and Welty, Chris and Sips, Robert-Jan and Levas, Anthony and others},
  year={2013}
}

@article{aroyo2013crowd,
  title={Crowd Truth: Harnessing disagreement in crowdsourcing a relation extraction gold standard},
  author={Aroyo, Lora and Welty, Chris},
  journal={WebSci2013. ACM},
  volume={2013},
  year={2013}
}

@inproceedings{inel2014crowdtruth,
  title={Crowdtruth: Machine-human computation framework for harnessing disagreement in gathering annotated data},
  author={Inel, Oana and Khamkham, Khalid and Cristea, Tatiana and Dumitrache, Anca and Rutjes, Arne and van der Ploeg, Jelle and Romaszko, Lukasz and Aroyo, Lora and Sips, Robert-Jan},
  booktitle={International Semantic Web Conference},
  pages={486--504},
  year={2014},
  organization={Springer}
}
